@ARTICLE{Roberts2011,
  author = {Roberts, Katie S. and Davies, Richard J. and Stewart, Simon A. and
	Tingay, Mark},
  title = {{Structural controls on mud volcano vent distributions: examples
	from Azerbaijan and Lusi, east Java}},
  journal = {Journal of the Geological Society},
  year = {2011},
  volume = {168},
  pages = {1013-1030},
  number = {4},
  note = {{doi:10.1144/0016-76492010-158}},
  doi = {10.1144/0016-76492010-158},
  keywords = {Earth, volcanism},
  owner = {jacob},
  timestamp = {2013.07.17}
}

@INCOLLECTION{Rowland2000,
  author = {Rowland, S. K. and Garbeil, H.},
  title = {{Slopes of oceanic basalt volcanoes}},
  booktitle = {{Remote Sensing of Active Volcanism, Geophys. Monogr. Ser.}},
  publisher = {AGU},
  year = {2000},
  editor = {{P. J. Mouginis-Mark, et al.}},
  volume = {116},
  address = {Washington, D. C.},
  note = {{doi:10.1029/GM116p0223}},
  doi = {10.1029/GM116p0223},
  keywords = {volcanism, Earth},
  owner = {jacob},
  timestamp = {2013.07.17}
}

@INPROCEEDINGS{Sakimoto2003,
  author = {{Sakimoto}, S.~E.~H. and {Gregg}, T.~K.~P. and {Hughes}, S.~S. and
	{Chadwick}, J.},
  title = {{Re-Assessing Plains-style Volcanism on Mars}},
  booktitle = {{Sixth International Conference on Mars}},
  year = {2003},
  editor = {{A.~L.~Albee \& H.~H.~Kieffer}},
  pages = {3197},
  month = jul,
  __markedentry = {[jacob:2]},
  adsnote = {Provided by the SAO/NASA Astrophysics Data System},
  adsurl = {http://adsabs.harvard.edu/abs/2003mars.conf.3197S},
  keywords = {Mars, volcanism},
  owner = {jacob},
  timestamp = {2013.07.17}
}

@MISC{Scott1986,
  author = {Scott, D. H. and Tanaka, K. L.},
  title = {{Geologic map of the Western Equatorial region of Mars}},
  howpublished = {USGS Miscellaneous Investigations Series Map I–1802–A},
  year = {1986},
  __markedentry = {[jacob:2]},
  keywords = {Mars, Tharsis},
  owner = {jacob},
  timestamp = {2013.07.17}
}